@Article{Someone2019,
  Title                    = {A Paper},
  Author                   = {Surname, Givenname M.},
  Journal                  = {Some Journal},
  Year                     = {2019},
  Number                   = {1},
  Month                    = {{D}ec},
  Pages                    = {1--10},
  Volume                   = {1},
  DOI                      = {10.10.10.10},
  Publisher                = {Yard Pirates LLC}
}

@TechReport{Crane2013,
  Title                    = {Flow of fluids through valves, fittings, and pipe - Metric vesion},
  ISBN                     = {9781400527120},
  Year                     = {2013},
  Institution              = {Crane Co.},
  Address                  = {Stamford, CT},
  Number                   = {Technical Paper No. 410M},
  Key                      = {Technical Paper No. 410M}
}

@Book{Poling2000,
  Title                    = {The Properties of Gases and Liquids, 5th Edition},
  Author                   = {Poling, B. E. and Prausnitz, J. M. and O'Connell, J. P.},
  ISBN                     = {9780071499996},
  Series                   = {McGraw Hill professional},
  URL                      = {https://books.google.com/books?id=9tGclC3ZRX0C},
  Year                     = {2000},
  Publisher                = {McGraw-Hill Education}
}

@InCollection{Author2000,
  Title                    = {Some things I wrote down},
  Author                   = {Surname, Givenname M.},
  BookTitle                = {Collected Works of Selected Jerks},
  Editor                   = {Emeritus, Unpaid Q.}
  Year                     = {2000},
  Pages                    = {1--100},
  Publisher                = {Avaricious Publishing International}
}

@Unpublished{Author2001,
  Title                    = {My notes},
  Author                   = {Surname, Givenname M.},
  Year                     = {2001},
  Month                    = {{D}ec},
  Institution              = {Vendor},
  Address                  = {123 Main St., Austin, TX, 78757},
  Note                     = {Found in rubble}
}
